<?xml version="1.0" encoding="UTF-8"?><collection xmlns="http://www.loc.gov/MARC21/slim"><record><leader>00351nam--2200133-i-4500</leader><controlfield tag="001">000013584</controlfield><controlfield tag="002">20161230</controlfield><controlfield tag="005">20161230201030</controlfield><controlfield tag="008">060222s1000------------r-----000-0-eng-d</controlfield><datafield ind1=" " ind2=" " tag="080"><subfield code="a">550.344</subfield></datafield><datafield ind1=" " ind2=" " tag="100"><subfield code="a">Ben-menahem, Ari And Singh, Sarva Jit</subfield></datafield><datafield ind1=" " ind2=" " tag="245"><subfield code="a">Seismic waves and sources</subfield></datafield><datafield ind1=" " ind2=" " tag="260"><subfield code="a">New York, Springer-verlag, 1981. Xxi+1108 P</subfield></datafield><datafield ind1=" " ind2=" " tag="852"><subfield code="a">49012</subfield></datafield></record></collection>